<?xml version="1.0" encoding="UTF-8"?>
<collection xmlns:xsi="http://www.w3.org/2001/XMLSchema-instance" xsi:schemaLocation="http://www.loc.gov/MARC21/slim http://www.loc.gov/standards/marcxml/schema/MARC21slim.xsd" xmlns="http://www.loc.gov/MARC21/slim">
<record>
  <leader>00744cam a2200205Ma 4500</leader>
  <controlfield tag="001">3063549</controlfield>
  <controlfield tag="003">NNC</controlfield>
  <controlfield tag="005">20130426014939.0</controlfield>
  <controlfield tag="008">960920s1929    sy            000 0 ara d</controlfield>
  <datafield tag="035" ind1=" " ind2=" ">
    <subfield code="a">(OCoLC)ocm40819623</subfield>
  </datafield>
  <datafield tag="035" ind1=" " ind2=" ">
    <subfield code="9">ATN5357CU</subfield>
  </datafield>
  <datafield tag="035" ind1=" " ind2=" ">
    <subfield code="a">(NNC)3063549</subfield>
  </datafield>
  <datafield tag="040" ind1=" " ind2=" ">
    <subfield code="a">HLS</subfield>
    <subfield code="c">HLS</subfield>
    <subfield code="d">ZCU</subfield>
  </datafield>
  <datafield tag="099" ind1=" " ind2=" ">
    <subfield code="a">893.7991</subfield>
    <subfield code="a">K526</subfield>
  </datafield>
  <datafield tag="100" ind1="1" ind2=" ">
    <subfield code="a">Khallāl, Aḥmad ibn Muḥammad,</subfield>
    <subfield code="d">-923.</subfield>
  </datafield>
  <datafield tag="245" ind1="1" ind2="3">
    <subfield code="a">al-Ḥath ʻalá al-tijārah wa-al-ṣināʻah wa-al-ʻamal, wa-al-inkār ʻalá man yaddaʻī al-tawakkul fī tark al-ʻamal wa-al-ḥujjah ʻalyhum fī dhālika /</subfield>
    <subfield code="c">Abū Bakr Aḥmad ibn Muḥammad al-Khallāl.</subfield>
  </datafield>
  <datafield tag="260" ind1=" " ind2=" ">
    <subfield code="a">Dimashq :</subfield>
    <subfield code="b">Maktabat al-Quds,</subfield>
    <subfield code="c">1348 [1929]</subfield>
  </datafield>
  <datafield tag="300" ind1=" " ind2=" ">
    <subfield code="a">34 p. ;</subfield>
    <subfield code="c">22 cm.</subfield>
  </datafield>
  <datafield tag="752" ind1=" " ind2=" ">
    <subfield code="a">Syria</subfield>
    <subfield code="d">Damascus.</subfield>
  </datafield>
  <datafield tag="955" ind1=" " ind2=" ">
    <subfield code="b">CU58848525</subfield>
    <subfield code="d">off,glx</subfield>
    <subfield code="e">893.7991 K526</subfield>
  </datafield>
</record>
</collection>